%YAML 1.1
%TAG !u! tag:unity3d.com,2011:
--- !u!244 &-6950162417052295525
AudioMixerEffectController:
  m_ObjectHideFlags: 3
  m_CorrespondingSourceObject: {fileID: 0}
  m_PrefabInstance: {fileID: 0}
  m_PrefabAsset: {fileID: 0}
  m_Name: Attenuation
  m_EffectID: 3cae25d43fd440f49b1df672c9edd58d
  m_EffectName: Attenuation
  m_MixLevel: 365edab05a6f88a45bd36b452193363e
  m_Parameters: []
  m_SendTarget: {fileID: 0}
  m_EnableWetMix: 0
  m_Bypass: 0
--- !u!243 &-4845330802630732653
AudioMixerGroupController:
  m_ObjectHideFlags: 0
  m_CorrespondingSourceObject: {fileID: 0}
  m_PrefabInstance: {fileID: 0}
  m_PrefabAsset: {fileID: 0}
  m_Name: fx_jump
  m_AudioMixer: {fileID: 24100000}
  m_GroupID: 33e99c8481e691f4b839a8f22df45f85
  m_Children: []
  m_Volume: 5104529185943fd40a864a6dc225c221
  m_Pitch: 54b65eff763e89b499456aed5ae75b0e
  m_Send: 00000000000000000000000000000000
  m_Effects:
  - {fileID: 189654326067590636}
  m_UserColorIndex: 0
  m_Mute: 0
  m_Solo: 0
  m_BypassEffects: 0
--- !u!243 &-4695380867943264443
AudioMixerGroupController:
  m_ObjectHideFlags: 0
  m_CorrespondingSourceObject: {fileID: 0}
  m_PrefabInstance: {fileID: 0}
  m_PrefabAsset: {fileID: 0}
  m_Name: sound_reforzar
  m_AudioMixer: {fileID: 24100000}
  m_GroupID: 8ab1563f154bc4a48a0ba8a1987d6d40
  m_Children: []
  m_Volume: cc3f0f13f0b60864dba89759b7a2fc2c
  m_Pitch: 3a5dc8cf9ca0d354181fa1c8b442b370
  m_Send: 00000000000000000000000000000000
  m_Effects:
  - {fileID: 181118316441894337}
  m_UserColorIndex: 0
  m_Mute: 0
  m_Solo: 0
  m_BypassEffects: 0
--- !u!244 &-4016168777921678234
AudioMixerEffectController:
  m_ObjectHideFlags: 3
  m_CorrespondingSourceObject: {fileID: 0}
  m_PrefabInstance: {fileID: 0}
  m_PrefabAsset: {fileID: 0}
  m_Name: Attenuation
  m_EffectID: 4b8d12724182acf4399557d4ed0e9bb3
  m_EffectName: Attenuation
  m_MixLevel: b3ef47826c7e9ad40b827e0889470762
  m_Parameters: []
  m_SendTarget: {fileID: 0}
  m_EnableWetMix: 0
  m_Bypass: 0
--- !u!243 &-2926605267089546663
AudioMixerGroupController:
  m_ObjectHideFlags: 0
  m_CorrespondingSourceObject: {fileID: 0}
  m_PrefabInstance: {fileID: 0}
  m_PrefabAsset: {fileID: 0}
  m_Name: fx_pasos
  m_AudioMixer: {fileID: 24100000}
  m_GroupID: bfe0d020876342f4b9688058aca7880f
  m_Children: []
  m_Volume: fc6ec28ea10df584d88600f7fc03e042
  m_Pitch: e81eef9625ae4e146a3b42cd6e83c472
  m_Send: 00000000000000000000000000000000
  m_Effects:
  - {fileID: -4016168777921678234}
  m_UserColorIndex: 0
  m_Mute: 0
  m_Solo: 0
  m_BypassEffects: 0
--- !u!244 &-1918403886166780154
AudioMixerEffectController:
  m_ObjectHideFlags: 3
  m_CorrespondingSourceObject: {fileID: 0}
  m_PrefabInstance: {fileID: 0}
  m_PrefabAsset: {fileID: 0}
  m_Name: 
  m_EffectID: 9aeb478fab829d648b94713c119e8640
  m_EffectName: Attenuation
  m_MixLevel: cc9fbaf27d3b0d3429dc30704acd3620
  m_Parameters: []
  m_SendTarget: {fileID: 0}
  m_EnableWetMix: 0
  m_Bypass: 0
--- !u!244 &-1522525204795593476
AudioMixerEffectController:
  m_ObjectHideFlags: 3
  m_CorrespondingSourceObject: {fileID: 0}
  m_PrefabInstance: {fileID: 0}
  m_PrefabAsset: {fileID: 0}
  m_Name: Attenuation
  m_EffectID: 115ca00d8f0653e4486ce756ce4caf7e
  m_EffectName: Attenuation
  m_MixLevel: 1e9ecfb9c26a4ed468f791792df76270
  m_Parameters: []
  m_SendTarget: {fileID: 0}
  m_EnableWetMix: 0
  m_Bypass: 0
--- !u!244 &-1099933377132619430
AudioMixerEffectController:
  m_ObjectHideFlags: 3
  m_CorrespondingSourceObject: {fileID: 0}
  m_PrefabInstance: {fileID: 0}
  m_PrefabAsset: {fileID: 0}
  m_Name: 
  m_EffectID: 8217dcd1e1c3b6b42baaaad2086c2475
  m_EffectName: Attenuation
  m_MixLevel: 81230e3fe5b254344ba5f31bfa06ed93
  m_Parameters: []
  m_SendTarget: {fileID: 0}
  m_EnableWetMix: 0
  m_Bypass: 0
--- !u!241 &24100000
AudioMixerController:
  m_ObjectHideFlags: 0
  m_CorrespondingSourceObject: {fileID: 0}
  m_PrefabInstance: {fileID: 0}
  m_PrefabAsset: {fileID: 0}
  m_Name: MasterMixer
  m_OutputGroup: {fileID: 0}
  m_MasterGroup: {fileID: 24300002}
  m_Snapshots:
  - {fileID: 24500006}
  m_StartSnapshot: {fileID: 24500006}
  m_SuspendThreshold: -6
  m_EnableSuspend: 1
  m_UpdateMode: 0
  m_ExposedParameters:
  - guid: 96d141eb742bcf7478ef79140a3cd087
    name: masterVolumen
  - guid: dd5c349acd891d346b7f0bbdc521ce0b
    name: fxVolumen
  - guid: e932e8bac2625a54d96f8bdceb8a24ff
    name: sounds_menu
  - guid: 4635f2800d7c3b8489f3847f7aaa0ea1
    name: soundsVolumen
  - guid: cc3f0f13f0b60864dba89759b7a2fc2c
    name: sound_reforzar
  m_AudioMixerGroupViews:
  - guids:
    - 5582dfd769a34554488cb6fc6b4bc720
    - 734e543db0a957e439a43263ac443d73
    - d31ad73476296424aaabd2e6006a2d92
    - 8ab1563f154bc4a48a0ba8a1987d6d40
    - 7dee41e7e7e8ed3499c8e6fe856e46ef
    - 33e99c8481e691f4b839a8f22df45f85
    - bfe0d020876342f4b9688058aca7880f
    - 337eef17e66afc644ac61340a563b0b2
    - 862045cbecdcad94db38e076ba50e5d3
    - 1cf5f978e9594d34ab6a3f57b9674b1e
    name: View
  m_CurrentViewIndex: 0
  m_TargetSnapshot: {fileID: 24500006}
--- !u!243 &24300002
AudioMixerGroupController:
  m_ObjectHideFlags: 0
  m_CorrespondingSourceObject: {fileID: 0}
  m_PrefabInstance: {fileID: 0}
  m_PrefabAsset: {fileID: 0}
  m_Name: Master
  m_AudioMixer: {fileID: 24100000}
  m_GroupID: 5582dfd769a34554488cb6fc6b4bc720
  m_Children:
  - {fileID: 4276294715107474188}
  - {fileID: 1203328353709417443}
  - {fileID: -4845330802630732653}
  - {fileID: -2926605267089546663}
  - {fileID: 909041049657162293}
  - {fileID: 7010517143645338827}
  - {fileID: -4695380867943264443}
  - {fileID: 1068058576695157960}
  - {fileID: 3460398204119340693}
  m_Volume: 96d141eb742bcf7478ef79140a3cd087
  m_Pitch: 5ac0be5e78534034b8e78839fd74a8b4
  m_Send: 00000000000000000000000000000000
  m_Effects:
  - {fileID: 24400004}
  m_UserColorIndex: 0
  m_Mute: 0
  m_Solo: 0
  m_BypassEffects: 0
--- !u!244 &24400004
AudioMixerEffectController:
  m_ObjectHideFlags: 3
  m_CorrespondingSourceObject: {fileID: 0}
  m_PrefabInstance: {fileID: 0}
  m_PrefabAsset: {fileID: 0}
  m_Name: 
  m_EffectID: 5f824d69b8db2cd4ab5cdd066a1c82ba
  m_EffectName: Attenuation
  m_MixLevel: fd3cc060793ec63448b17fb41f67cbad
  m_Parameters: []
  m_SendTarget: {fileID: 0}
  m_EnableWetMix: 0
  m_Bypass: 0
--- !u!245 &24500006
AudioMixerSnapshotController:
  m_ObjectHideFlags: 0
  m_CorrespondingSourceObject: {fileID: 0}
  m_PrefabInstance: {fileID: 0}
  m_PrefabAsset: {fileID: 0}
  m_Name: Snapshot
  m_AudioMixer: {fileID: 24100000}
  m_SnapshotID: e8b873fa417634c47b6f5fbbf56b4bbb
  m_FloatValues:
    af4a48003cb2d2541a59afc90a5fb1c2: -8261
    84826910001e6b24da6f9fe4e8afe4ce: -3783
    176a3a10fc182c04f86dd768b40f127b: 0.01
    c8947b4016ae62b459d6ccbd64405fb2: -302
    24a8ab508c884b546bebf1a26e5af32f: 11
    cbf2f86080535d54aaeaa6b852809552: -302
    4635f2800d7c3b8489f3847f7aaa0ea1: -0.8162171
    0cb1ba80305e74945bb6e3c247d58edb: 2.91
    41834cf061def6246b88ad2c41838dea: -302
    ff4dd731c1d68f74fbc95b21d11f352f: -2609
    e18a8341310d37444ac0347acb86281d: -302
    bd4c7b4192438d04d882965379dd56b8: -9783
    7d21c061985ee86429f77c7b4a6c4600: -7826
    4acf8571fd80e12459700ffa06f5df11: 22
    aab32c718a8ffef47be3bcf67333399f: 0
    5104529185943fd40a864a6dc225c221: -1
    64b98fb1321150c4f872b5a5d4a96457: 100
    0019bfe17d4d85648a64ae810e4d2cb7: -7827
    2207c9f1294526843a4c2ce151dcbce1: 1000
    4389991259ac86647801b058f655759f: -217
    09985322545f4e54d98941df6914073b: -302
    41b88332782e6394c84d1353ed68a3cc: 2.91
    824f3a3246dbda945a5135f52126baf8: 0.083
    b5800b52c0b2e134da6b51218de4b9ca: -2609
    b698fb82e265b1f429eed26266dc4dc1: 0.01
    e30284c243a5d0749ab656331cbb1169: 1.83
    88ec87f27521ddf4e818bcf4c797f86d: 0.02
    172128034a6ec9f46a6e2dd8ccc4790c: -9478
    ff3da713e92cdd94a8c873eea2f94fd6: -19
    cc3f0f13f0b60864dba89759b7a2fc2c: -1
    6d313533fc7704242b9d0e734c6970fd: 0
    870f0b63931784548ae5ef417044fa57: 30
    a4976f734d961ca48974f6382349a56e: 1.88
    687146831302b1741acdf90d42a14497: -302
    786f6893eff91ad4592e9bfa847539b3: -2609
    fd0c5c93dd6b1b3408d4366e0f943084: 0.261
    f49578f3c136d43409d9f41db46031b4: 0.02
    65b6b11436c75e248a67be43437b95c8: -602
    e1671044c30b7f647a2f3bd71a8214f3: 0
    eaaadb54bb44d044e9f9c03779a479db: -302
    a424318457ea16748a5f11a59b51cbc2: -4783
    5efebac4b1d2bf44e96eeb033a7b9a31: 1.3
    4ac914e46946faf4394a3381748547ad: -602
    65b2b1f45ea677947b0b6a23ea88006a: 0.01
    4c5974f4c589b1049b1b1f6542d59ddf: 0
    f5b36e15de85a584cb4ed6bc31db61fa: -1
    ad4edc2528e670d44b01888f234595d6: 0
    e67ac935a267c8f4b9c998af5a078a35: -8696
    7d039b35a2561204498ff37ac3841b43: -302
    888d04454bb359f4288f44d597da86bf: -602
    91eb2165d1b364044a4777411a66b280: -1153
    88917b6553e7987418678e5db535d7c4: 0.01
    d64200750b08079428cc665bd5242c19: 0.01
    bbb6a2851a22ed3419e1c3775097b679: 0
    dc2721b5ff7320c4dba15a7cd097e432: -6739
    ffea1bd5c8089ab4091608131445cf6c: 1.3
    97814ed593f362b4cbd0e6a282cdd6ba: 0
    e8a543e51e9a0184cb353a5fb90ec58b: -602
    6245eee5e2c706546a28e1b7bffebbb2: -10000
    01eeb906b570ed142ae88901715c93e9: 15
    183cbb3611c1afd489241e7a58b0d0c3: 1.3
    a6c1aa9670874ab479bfdb710dbc19c8: -1
    888778a647ff88541a22f551d5877f27: -6957
    2a7393078d3bfe741a4cd630573b2eb3: 0.02
    c603c507af8543b44972fb1754009ebc: 0
    76e9e04799f23eb4dbbe460efd8102d0: 0
    87122447f12698840acd82f59bd2b109: -7827
    2b5bd8679a6b48c439196bcd650581e0: -10000
    b762b877dce50bd4c872f1a1350621bd: 100
    281c7d77a236efa4ca7fd3aed4672836: 0.17
    c8bf31878937fb44d8157b4f23a37afc: 0.01
    a443e8973b3052b4187a4da4cef00e5a: 7.9
    cb88dc9714cefad4380a963422112946: 20000
    51d447c7124735d48ae70b7c7e62bb71: 0.022
    342a5be7b395aa84aad685b252e7f992: 17
    41f66a08a6ae78844bd9a709dbace136: 0.02
    f789ba78fa8bbe440b4e85d8bf4cdb25: 2
    f9535ab8a89b9d147a6fa3a95efe346d: 2.91
    019864e8d819d634984037e158bffb14: 1.92
    6a30b9e8587570a42b1c2e84b51d029f: 0.091
    5eb6a5091961cfc4485f9914ae9dd964: 0.02
    195ddfc9bb8c09c41b4bcd53d8054c04: -602
    667853e9e667d8847b3f3113d48b0fb7: -2609
    649e6ae975c8bd741990c8f1f91faf55: 0
    0f43cff9f01ba904dbc4b3099011a438: -1870
    25de131a03881174292ccfd1457b8e44: 0.01
    7c56c13a4c1737e48840f4cc2145cc7b: 0.02
    d184823abea2bf14d91c036c6eb263bd: -7827
    a3e32b3ac2f64f94aa9da8b8b17aef00: -7827
    601f865a9d44d7c46bf1dcbaa2a30c2a: 2.91
    dd5c349acd891d346b7f0bbdc521ce0b: -1
    e932e8bac2625a54d96f8bdceb8a24ff: -1
    ff623aca057cf2e409e4bcd17ab33917: -2826
    cc6e6ffadac89544c926b5997d118a33: -602
    0617e82bc3e5a21499f1dd0fc4aac223: 1.3
    04165e2b32a6f164095d0123c430e44f: 1
    b8996d9b34fef8f4fad5cc66c95624f9: -348
    c13a41db03d56bb4183df8cd75d04880: 2.91
    96d141eb742bcf7478ef79140a3cd087: -1
    b7490eebfbe30c14c8be1e0466d2cf0c: 14.8
    bf7f620cee369304caa8d8314c7c5168: -602
    5e65450c75c5f074aab1e83d719cab34: 4511
    9b2f4d0c3d7b0144aad53ae24e5ea9e8: -2609
    9676711c8bf66fa4ab1bc4ed52a74f5a: -2609
    82625a2c26c7d414c9507d0f8cb8d9ae: -1.0000005
    c9ae8a4cfe96f89428ab1a1fa0e74245: 0.02
    827b865cd68c6d046b86469527404f48: -7827
    8ef1ef5cbd7abd248abf3f2856791314: 0.015
    66da296c6d35d544ba2a658a7ce24064: -602
    7444167c9aff5424fa93a5346c7bfb52: -7827
    9a21609c46430cc4bb5701a880522d84: 2.91
    ac803b9ce7f03ba43ad323d4f47d8eff: -1
    6e27f2fcf0e0a904e92c1d67bcdc37ef: 1000
    b5ba560dbf7bdac4eaf518e81c2db1a8: -3261
    a80b541d7402af34ab9acb33cd4948a2: -2609
    dad0152d8ebe59f468b487769ee9eff5: 20000
    c311862d142214e4e92c6456cc6fce8f: 5000
    accdf66d395d2cb438101a97d4b74046: 0
    7328627d0c283854088195e5d49ed71d: 2.91
    fa56ed9d7961bbe48a8c236a3b8bc9fe: 1.3
    c085e2ad01751b5418490adbd17c1056: 2.91
    0a7966fd6427e384696b36578dfbe9f3: 0
    225e321e70218b540820c97718c9f4e5: 0
    56b9fb1e1736eba47b3055725a0ee610: -10000
    6b30ee1e73086744bae9ee51d221eda1: -7827
    e657142ed23e1324ab725813b49e35b8: 1.3
    4278d54eb1fc9194abd720be4f8cafbb: 1.3
    7ba1c27e82c849840802a98d9b56ec88: 0
    fc6ec28ea10df584d88600f7fc03e042: -1.0000005
    8b3411ceb5fc8e942a82be912d8e4dd8: 0
    c72edd0fd59748647a2654b46c5c5635: 7
    614c242f3a19cde46a8debad11363cbd: 781
    4a05203ffe9dabb43823de1ec05f7ad4: 1.3
    2aef47af46a31ee4790ed07db84f0e3e: -2609
  m_TransitionOverrides: {}
--- !u!244 &32697824406323845
AudioMixerEffectController:
  m_ObjectHideFlags: 3
  m_CorrespondingSourceObject: {fileID: 0}
  m_PrefabInstance: {fileID: 0}
  m_PrefabAsset: {fileID: 0}
  m_Name: 
  m_EffectID: 994517c926e483b48942c0b094060002
  m_EffectName: SFX Reverb
  m_MixLevel: fd30162ab3c1b274ab01f99ee01f21e1
  m_Parameters:
  - m_ParameterName: Dry Level
    m_GUID: 0019bfe17d4d85648a64ae810e4d2cb7
  - m_ParameterName: Room
    m_GUID: 225e321e70218b540820c97718c9f4e5
  - m_ParameterName: Room HF
    m_GUID: ca764b44fdab2e243bad038f8640f99d
  - m_ParameterName: Decay Time
    m_GUID: c085e2ad01751b5418490adbd17c1056
  - m_ParameterName: Decay HF Ratio
    m_GUID: e657142ed23e1324ab725813b49e35b8
  - m_ParameterName: Reflections
    m_GUID: e8a543e51e9a0184cb353a5fb90ec58b
  - m_ParameterName: Reflect Delay
    m_GUID: b698fb82e265b1f429eed26266dc4dc1
  - m_ParameterName: Reverb
    m_GUID: 687146831302b1741acdf90d42a14497
  - m_ParameterName: Reverb Delay
    m_GUID: 41f66a08a6ae78844bd9a709dbace136
  - m_ParameterName: Diffusion
    m_GUID: 89d8b12787bb4bf4bb2c342f97e3c576
  - m_ParameterName: Density
    m_GUID: ea1fbdccb7bd6c24f98584ac77302289
  - m_ParameterName: HF Reference
    m_GUID: 5d25919a64cfb9f45868122a320d8840
  - m_ParameterName: Room LF
    m_GUID: 2aef47af46a31ee4790ed07db84f0e3e
  - m_ParameterName: LF Reference
    m_GUID: d1bbfeda360dc6c49aa1b85a20071578
  m_SendTarget: {fileID: 0}
  m_EnableWetMix: 0
  m_Bypass: 0
--- !u!244 &181118316441894337
AudioMixerEffectController:
  m_ObjectHideFlags: 3
  m_CorrespondingSourceObject: {fileID: 0}
  m_PrefabInstance: {fileID: 0}
  m_PrefabAsset: {fileID: 0}
  m_Name: Attenuation
  m_EffectID: 59cdd6cb7188d6c45b62f458940c9dbc
  m_EffectName: Attenuation
  m_MixLevel: 775d643dad3455b479e962e32849310a
  m_Parameters: []
  m_SendTarget: {fileID: 0}
  m_EnableWetMix: 0
  m_Bypass: 0
--- !u!244 &189654326067590636
AudioMixerEffectController:
  m_ObjectHideFlags: 3
  m_CorrespondingSourceObject: {fileID: 0}
  m_PrefabInstance: {fileID: 0}
  m_PrefabAsset: {fileID: 0}
  m_Name: Attenuation
  m_EffectID: b5eda98b4be40934585b72a7c30b8593
  m_EffectName: Attenuation
  m_MixLevel: c15b88b9f3f07ca4fa6a5fa187bfc7d2
  m_Parameters: []
  m_SendTarget: {fileID: 0}
  m_EnableWetMix: 0
  m_Bypass: 0
--- !u!243 &909041049657162293
AudioMixerGroupController:
  m_ObjectHideFlags: 0
  m_CorrespondingSourceObject: {fileID: 0}
  m_PrefabInstance: {fileID: 0}
  m_PrefabAsset: {fileID: 0}
  m_Name: fx_gotas
  m_AudioMixer: {fileID: 24100000}
  m_GroupID: 337eef17e66afc644ac61340a563b0b2
  m_Children: []
  m_Volume: 82625a2c26c7d414c9507d0f8cb8d9ae
  m_Pitch: 9588b6ea5f30a8b4d83fc08570abdf3e
  m_Send: 00000000000000000000000000000000
  m_Effects:
  - {fileID: -1522525204795593476}
  m_UserColorIndex: 0
  m_Mute: 0
  m_Solo: 0
  m_BypassEffects: 0
--- !u!243 &1068058576695157960
AudioMixerGroupController:
  m_ObjectHideFlags: 0
  m_CorrespondingSourceObject: {fileID: 0}
  m_PrefabInstance: {fileID: 0}
  m_PrefabAsset: {fileID: 0}
  m_Name: fx_menu
  m_AudioMixer: {fileID: 24100000}
  m_GroupID: 862045cbecdcad94db38e076ba50e5d3
  m_Children: []
  m_Volume: e932e8bac2625a54d96f8bdceb8a24ff
  m_Pitch: 31857a483c70c014791963ba32bbe00f
  m_Send: 00000000000000000000000000000000
  m_Effects:
  - {fileID: -1918403886166780154}
  m_UserColorIndex: 0
  m_Mute: 0
  m_Solo: 0
  m_BypassEffects: 1
--- !u!244 &1180216438818137809
AudioMixerEffectController:
  m_ObjectHideFlags: 3
  m_CorrespondingSourceObject: {fileID: 0}
  m_PrefabInstance: {fileID: 0}
  m_PrefabAsset: {fileID: 0}
  m_Name: 
  m_EffectID: 7ba1d31faa79f1e47a97c8e287fccf7a
  m_EffectName: SFX Reverb
  m_MixLevel: f70f898fb72a4d04da8de17c1f3527cc
  m_Parameters:
  - m_ParameterName: Dry Level
    m_GUID: c603c507af8543b44972fb1754009ebc
  - m_ParameterName: Room
    m_GUID: b5ba560dbf7bdac4eaf518e81c2db1a8
  - m_ParameterName: Room HF
    m_GUID: 6245eee5e2c706546a28e1b7bffebbb2
  - m_ParameterName: Decay Time
    m_GUID: c72edd0fd59748647a2654b46c5c5635
  - m_ParameterName: Decay HF Ratio
    m_GUID: 019864e8d819d634984037e158bffb14
  - m_ParameterName: Reflections
    m_GUID: 84826910001e6b24da6f9fe4e8afe4ce
  - m_ParameterName: Reflect Delay
    m_GUID: 281c7d77a236efa4ca7fd3aed4672836
  - m_ParameterName: Reverb
    m_GUID: 172128034a6ec9f46a6e2dd8ccc4790c
  - m_ParameterName: Reverb Delay
    m_GUID: 824f3a3246dbda945a5135f52126baf8
  - m_ParameterName: Diffusion
    m_GUID: 24a8ab508c884b546bebf1a26e5af32f
  - m_ParameterName: Density
    m_GUID: 870f0b63931784548ae5ef417044fa57
  - m_ParameterName: HF Reference
    m_GUID: cb88dc9714cefad4380a963422112946
  - m_ParameterName: Room LF
    m_GUID: bd4c7b4192438d04d882965379dd56b8
  - m_ParameterName: LF Reference
    m_GUID: 6e27f2fcf0e0a904e92c1d67bcdc37ef
  m_SendTarget: {fileID: 0}
  m_EnableWetMix: 0
  m_Bypass: 0
--- !u!243 &1203328353709417443
AudioMixerGroupController:
  m_ObjectHideFlags: 0
  m_CorrespondingSourceObject: {fileID: 0}
  m_PrefabInstance: {fileID: 0}
  m_PrefabAsset: {fileID: 0}
  m_Name: fx_dash
  m_AudioMixer: {fileID: 24100000}
  m_GroupID: 7dee41e7e7e8ed3499c8e6fe856e46ef
  m_Children: []
  m_Volume: ac803b9ce7f03ba43ad323d4f47d8eff
  m_Pitch: 884eb5bd463b6704f83362c89c4ac464
  m_Send: 00000000000000000000000000000000
  m_Effects:
  - {fileID: -6950162417052295525}
  - {fileID: 32697824406323845}
  m_UserColorIndex: 0
  m_Mute: 0
  m_Solo: 0
  m_BypassEffects: 0
--- !u!244 &1429091246728997007
AudioMixerEffectController:
  m_ObjectHideFlags: 3
  m_CorrespondingSourceObject: {fileID: 0}
  m_PrefabInstance: {fileID: 0}
  m_PrefabAsset: {fileID: 0}
  m_Name: 
  m_EffectID: 5ad7b675f69c09546a5eca3b15fd583d
  m_EffectName: Attenuation
  m_MixLevel: 6bcfbc7a318b32d498ac2f87dd24d7ec
  m_Parameters: []
  m_SendTarget: {fileID: 0}
  m_EnableWetMix: 0
  m_Bypass: 0
--- !u!243 &3460398204119340693
AudioMixerGroupController:
  m_ObjectHideFlags: 0
  m_CorrespondingSourceObject: {fileID: 0}
  m_PrefabInstance: {fileID: 0}
  m_PrefabAsset: {fileID: 0}
  m_Name: soung_bg_menu
  m_AudioMixer: {fileID: 24100000}
  m_GroupID: 1cf5f978e9594d34ab6a3f57b9674b1e
  m_Children: []
  m_Volume: a6c1aa9670874ab479bfdb710dbc19c8
  m_Pitch: 26081c824b83bc64caf353541f3e0b46
  m_Send: 00000000000000000000000000000000
  m_Effects:
  - {fileID: 8826269373684199034}
  m_UserColorIndex: 0
  m_Mute: 0
  m_Solo: 0
  m_BypassEffects: 1
--- !u!243 &4276294715107474188
AudioMixerGroupController:
  m_ObjectHideFlags: 0
  m_CorrespondingSourceObject: {fileID: 0}
  m_PrefabInstance: {fileID: 0}
  m_PrefabAsset: {fileID: 0}
  m_Name: fx_aterrizaje
  m_AudioMixer: {fileID: 24100000}
  m_GroupID: 734e543db0a957e439a43263ac443d73
  m_Children: []
  m_Volume: dd5c349acd891d346b7f0bbdc521ce0b
  m_Pitch: 598e11a6c4f09164f8d49cb0e1dc0508
  m_Send: 00000000000000000000000000000000
  m_Effects:
  - {fileID: -1099933377132619430}
  - {fileID: 7466383565398928211}
  m_UserColorIndex: 0
  m_Mute: 0
  m_Solo: 0
  m_BypassEffects: 0
--- !u!243 &7010517143645338827
AudioMixerGroupController:
  m_ObjectHideFlags: 0
  m_CorrespondingSourceObject: {fileID: 0}
  m_PrefabInstance: {fileID: 0}
  m_PrefabAsset: {fileID: 0}
  m_Name: sound_bg
  m_AudioMixer: {fileID: 24100000}
  m_GroupID: d31ad73476296424aaabd2e6006a2d92
  m_Children: []
  m_Volume: 4635f2800d7c3b8489f3847f7aaa0ea1
  m_Pitch: 04165e2b32a6f164095d0123c430e44f
  m_Send: 00000000000000000000000000000000
  m_Effects:
  - {fileID: 1180216438818137809}
  - {fileID: 1429091246728997007}
  m_UserColorIndex: 0
  m_Mute: 0
  m_Solo: 0
  m_BypassEffects: 0
--- !u!244 &7466383565398928211
AudioMixerEffectController:
  m_ObjectHideFlags: 3
  m_CorrespondingSourceObject: {fileID: 0}
  m_PrefabInstance: {fileID: 0}
  m_PrefabAsset: {fileID: 0}
  m_Name: 
  m_EffectID: da9620a90bd16fb45ad4c1c4b5f7defc
  m_EffectName: SFX Reverb
  m_MixLevel: 74c814291185786489631eaca3c51c8c
  m_Parameters:
  - m_ParameterName: Dry Level
    m_GUID: 7444167c9aff5424fa93a5346c7bfb52
  - m_ParameterName: Room
    m_GUID: 7ba1c27e82c849840802a98d9b56ec88
  - m_ParameterName: Room HF
    m_GUID: f8d5744f092269d4390e1f2a51c356da
  - m_ParameterName: Decay Time
    m_GUID: f9535ab8a89b9d147a6fa3a95efe346d
  - m_ParameterName: Decay HF Ratio
    m_GUID: 4278d54eb1fc9194abd720be4f8cafbb
  - m_ParameterName: Reflections
    m_GUID: 888d04454bb359f4288f44d597da86bf
  - m_ParameterName: Reflect Delay
    m_GUID: 65b2b1f45ea677947b0b6a23ea88006a
  - m_ParameterName: Reverb
    m_GUID: 7d039b35a2561204498ff37ac3841b43
  - m_ParameterName: Reverb Delay
    m_GUID: c9ae8a4cfe96f89428ab1a1fa0e74245
  - m_ParameterName: Diffusion
    m_GUID: 4a1e837dba864d84ca829edbd7348f87
  - m_ParameterName: Density
    m_GUID: d69d6484227543c498b7008b430ef9d4
  - m_ParameterName: HF Reference
    m_GUID: 24f1664497fe759478a3e1eea96f769b
  - m_ParameterName: Room LF
    m_GUID: ff4dd731c1d68f74fbc95b21d11f352f
  - m_ParameterName: LF Reference
    m_GUID: 7182668315ac28544aa8a3b8683ce6e9
  m_SendTarget: {fileID: 0}
  m_EnableWetMix: 0
  m_Bypass: 0
--- !u!244 &8826269373684199034
AudioMixerEffectController:
  m_ObjectHideFlags: 3
  m_CorrespondingSourceObject: {fileID: 0}
  m_PrefabInstance: {fileID: 0}
  m_PrefabAsset: {fileID: 0}
  m_Name: 
  m_EffectID: 91ac1d4ddfd94cd49a9cabb89e21bde0
  m_EffectName: Attenuation
  m_MixLevel: b9e4a4d410d035c488eaf9c18917d09d
  m_Parameters: []
  m_SendTarget: {fileID: 0}
  m_EnableWetMix: 0
  m_Bypass: 0
